@article {aufgabenstellung,
	author={Prof. Dr. Martin Plümicke},
	title={Compilerbau Prüfungsleistung},
	year={2017},
	url={http://www2.ba-horb.de/~pl/Compilerbau_WS2017_18/Compiler_Aufgabe.pdf}
}

@online {jvm,
	url={https://java.com/de/download/},
	title={Kostenloser Java-Download},
	urldate={2018-02-16}
}

@book{bytecode,
	author = {Lindholm, Tim and Yellin, Frank and Bracha, Gilad and Buckley, Alex},
	title = {The Java Virtual Machine Specification, Java SE 8 Edition},
	year = {2014},
	isbn = {013390590X, 9780133905908},
	edition = {1st},
	publisher = {Addison-Wesley Professional},
} 
